% $ Id: $

@misc{ref:cf,
       author = "{Eaton, B.} and {J. Gregory} and {B. Drach} and {K. Taylor} and {S. Hankin}",
       title = "{NetCDF Climate and Forecast (CF) Metadata Convention}",
       howpublished = "http://cfconventions.org/Data/cf-conventions/cf-conventions-1.6/build/cf-conventions.html",
       year = "last accessed on Nov 27, 2015"
}

@misc{ref:iso,
       title = "{International Organization for Standardization}",
       howpublished = "http://www.iso.org/iso/home.html",
       year = "last accessed on Dec 4, 2015"
}

@misc{ref:cim,
       title = "{METAFOR - Developing the CIM}",
       howpublished = "http://metaforclimate.eu/",
       year = "last accessed on Dec 4, 2015"
}

